@ misc{matlab_calibration,
year = {2024},
author = {The MathWorks Inc.},
title = {What Is Camera Calibration},
publisher = {The MathWorks Inc.},
address = {Natick, Massachusetts, United States},
url = {https://www.mathworks.com/help/vision/ug/camera-calibration.html}
}

@misc{matlab_vision,
year = {2024},
author = {The MathWorks Inc.},
title = {Computer Vision Toolbox version: 24.1 (R2024a)},
publisher = {The MathWorks Inc.},
address = {Natick, Massachusetts, United States},
url = {https://www.mathworks.com}
}

@misc{livox_manual,
year = {2019},
author = {Livox},
title = {Livox Horizon User Manual 1.0},
publisher = {Livox Inc.},
url = {https://www.livoxtech.com/horizon}
}

@book{Reinhard2010,
author = {Reinhard, Erik},
address = {Burlington, MA},
booktitle = {High dynamic range imaging : acquisition, display, and image-based lighting},
edition = {2nd ed.},
isbn = {9786612755460},
keywords = {High dynamic range imaging ; Photography -- Digital techniques ; Photography -- Printing processes ; Image processing ; Electroluminescent display systems ; Computer graphics},
language = {eng},
publisher = {Morgan Kaufmann/Elsevier},
series = {[The Morgan Kaufmann series in computer graphics]},
title = {High dynamic range imaging : acquisition, display, and image-based lighting },
year = {2010},
}
